@article{shiTwoDimensionalFunctionalPrincipal2022,
  title = {Two-{{Dimensional Functional Principal Component Analysis}} for {{Image Feature Extraction}}},
  author = {Shi, Haolun and Yang, Yuping and Wang, Liangliang and Ma, Da and Beg, Mirza Faisal and Pei, Jian and Cao, Jiguo},
  year = {2022},
  month = oct,
  journal = {Journal of Computational and Graphical Statistics},
  volume = {31},
  number = {4},
  pages = {1127--1140},
  publisher = {{Taylor \& Francis}},
  issn = {1061-8600},
  doi = {10.1080/10618600.2022.2035738},
  urldate = {2023-10-24},
}

@article{benkoCommonFunctionalPrincipal2009,
  title = {Common Functional Principal Components},
  author = {Benko, Michal and H{\"a}rdle, Wolfgang and Kneip, Alois},
  year = {2009},
  month = feb,
  journal = {The Annals of Statistics},
  volume = {37},
  number = {1},
  pages = {1--34},
  publisher = {{Institute of Mathematical Statistics}},
  issn = {0090-5364, 2168-8966},
  doi = {10.1214/07-AOS516},
  urldate = {2023-09-01},
}
